@article{hamalainen2020game,
  title={Game Development with Unreal Engine 4},
  author={H{\"a}m{\"a}l{\"a}inen, Jani},
  year={2020}
}
@inproceedings{mat2014using,
  title={Using game engine for 3D terrain visualisation of GIS data: A review},
  author={Mat, Ruzinoor Che and Shariff, Abdul Rashid Mohammed and Zulkifli, Abdul Nasir and Rahim, Mohd Shafry Mohd and Mahayudin, Mohd Hafiz},
  booktitle={IOP Conference Series: Earth and Environmental Science},
  volume={20},
  number={1},
  pages={012037},
  year={2014},
  organization={IOP Publishing}
}
@article{christopoulou2017overview,
  title={Overview and comparative analysis of game engines for desktop and mobile devices},
  author={Christopoulou, Eleftheria and Xinogalos, Stelios},
  year={2017}
}
@book{kent20153d,
  title={3D scientific visualization with blender},
  author={Kent, Brian R},
  year={2015},
  publisher={Morgan \& Claypool Publishers San Rafael, CA}
}
@article{lind2012using,
  title={Using the blender game engine for real-time emulation of production devices},
  author={Lind, Morten and Skavhaug, Amund},
  journal={International journal of production research},
  volume={50},
  number={22},
  pages={6219--6235},
  year={2012},
  publisher={Taylor \& Francis}
}
